<?xml version="1.0" encoding="UTF-8"?><collection xmlns="http://www.loc.gov/MARC21/slim"><record><leader>00434nam--2200169-i-4500</leader><controlfield tag="001">000030060</controlfield><controlfield tag="002">20161230</controlfield><controlfield tag="005">20161230201038</controlfield><controlfield tag="008">060222s1000------------r-----000-0-eng-d</controlfield><datafield ind1=" " ind2=" " tag="040"><subfield code="a">IFIN-HH</subfield></datafield><datafield ind1=" " ind2=" " tag="080"><subfield code="a">539.143.44</subfield></datafield><datafield ind1="1" ind2=" " tag="100"><subfield code="a">Lucken, E.A.C</subfield></datafield><datafield ind1="1" ind2="0" tag="245"><subfield code="a">Nuclear quadrupole coupling constants</subfield><subfield code="c">E.a.c. lucken</subfield></datafield><datafield ind1=" " ind2=" " tag="260"><subfield code="a">London</subfield><subfield code="b">Academic Press</subfield><subfield code="c">1969</subfield></datafield><datafield ind1=" " ind2=" " tag="300"><subfield code="a">X + 360P</subfield></datafield><datafield ind1=" " ind2=" " tag="852"><subfield code="a">30488</subfield><subfield code="c">539</subfield></datafield><datafield ind1=" " ind2=" " tag="CAT"><subfield code="a">Sys</subfield><subfield code="c">20111005</subfield><subfield code="h">160405</subfield></datafield></record></collection>